<record><leader>00000cas a22000007a 4500</leader><controlfield tag="001">24867667</controlfield><controlfield tag="008">911127d18731873ohumr ne      0    0eng d</controlfield><datafield ind1=" " ind2=" " tag="010"><subfield code="a">sn 91074532 </subfield></datafield><datafield ind1=" " ind2=" " tag="040"><subfield code="a">ONP</subfield><subfield code="b">eng</subfield><subfield code="c">ONP</subfield><subfield code="d">OCLCQ</subfield></datafield><datafield ind1=" " ind2=" " tag="042"><subfield code="a">msc</subfield></datafield><datafield ind1="0" ind2="4" tag="245"><subfield code="a">The Moorefield news.</subfield></datafield><datafield ind1=" " ind2=" " tag="260"><subfield code="a">Moorefield, O. [Ohio] :</subfield><subfield code="b">Schreiber &amp; Ferguson,</subfield><subfield code="c">1873.</subfield></datafield><datafield ind1=" " ind2=" " tag="300"><subfield code="a">v.</subfield></datafield><datafield ind1=" " ind2=" " tag="310"><subfield code="a">Monthly</subfield></datafield><datafield ind1="0" ind2=" " tag="362"><subfield code="a">Vol. 1, no. 5 (June 1873)-v. 1, no. 9 (Oct. 1873).</subfield></datafield><datafield ind1=" " ind2=" " tag="752"><subfield code="a">United States</subfield><subfield code="b">Ohio</subfield><subfield code="c">Harrison</subfield><subfield code="d">Moorefield.</subfield></datafield><datafield ind1="0" ind2="0" tag="780"><subfield code="t">Recruit (Moorefield, Ohio)</subfield><subfield code="w">(DLC)sn 91074531</subfield></datafield><datafield ind1="0" ind2="0" tag="785"><subfield code="t">Weekly gazette (Moorefield, Ohio)</subfield><subfield code="w">(DLC)sn 91074533</subfield></datafield></record>